%% LaTeX2e file `Beamer.bib'
%% generated by the `filecontents' environment
%% from source `Beamer' on 2022/04/20.
%%
@ARTICLE{zhang,
  author={Zhang, Z.},
  journal={IEEE Transactions on Pattern Analysis and Machine Intelligence},
  title={A flexible new technique for camera calibration},
  year={2000},
  volume={22},
  number={11},
  pages={1330-1334},
  doi={10.1109/34.888718}
  }
% @ARTICLE{gabriele,
%   author={G. Galfre, A. Cardone F. Sandrelli},
%   title={3D Model Reconstruction from Stereo 2D Images},
%   url={https://github.com/ArtyZiff35/3D_Reconstruction_From_Stereo_Images/blob/master/documentation/3D_Model_Reconstruction_from_Stereo_2D_Images.pdf}
%   year={2018},
%   }

